<?xml version="1.0" encoding="UTF-8"?><collection xmlns="http://www.loc.gov/MARC21/slim"><record><leader>00525nam--2200181-i-4500</leader><controlfield tag="001">000028384</controlfield><controlfield tag="002">20161230</controlfield><controlfield tag="005">20161230201037</controlfield><controlfield tag="008">060222s1000------------r-----000-0-eng-d</controlfield><datafield ind1=" " ind2=" " tag="040"><subfield code="a">IFIN-HH</subfield></datafield><datafield ind1=" " ind2=" " tag="080"><subfield code="a">53</subfield></datafield><datafield ind1="1" ind2=" " tag="100"><subfield code="a">Lemon, Harvey Brace</subfield></datafield><datafield ind1="1" ind2="0" tag="245"><subfield code="a">From galileo to the nuclear age. an introduction to physics</subfield><subfield code="c">Harvey brace lemon</subfield></datafield><datafield ind1=" " ind2=" " tag="250"><subfield code="a">4-th Impression</subfield></datafield><datafield ind1=" " ind2=" " tag="260"><subfield code="a">Chicago, Illinois</subfield><subfield code="b">The University Of Chicago Press</subfield><subfield code="c">1955</subfield></datafield><datafield ind1=" " ind2=" " tag="300"><subfield code="a">XVIII + 451P</subfield></datafield><datafield ind1=" " ind2=" " tag="852"><subfield code="a">12757</subfield><subfield code="c">53.01</subfield></datafield><datafield ind1=" " ind2=" " tag="CAT"><subfield code="a">Sys</subfield><subfield code="c">20151012</subfield><subfield code="h">143520</subfield></datafield></record></collection>